@article{commercialDronesAreComing,
author = {Joerg Schlinkheider and Prashant Ramarao and Tim Tully and Vineet Banga and Vipul Deokar},
title = {Commercial Drones Are Coming - Sooner Than You Think?},
journal = {UC Berkeley Engineering Leadership White Paper},
year = 2014,
}

@article{DeviationFlowRefuelingLocationModel,
author = {Insu Hong and Michael Kuby and Alan Murray},
title = {Deviation flow refueling location model for continuous space: commercial drone delivery system for urban area},
journal = {},
year = 2014,
}

@article{SurveyLowAltitudeUnmannedAerialVehicles,
author = {Marc Schlosberg},
title = {Survey of Low Altitude Unmanned Aerial Vehicles},
journal = {},
year = 2014,
}

@article{AmazonPrimeAirCostBenefit,
author = {Adrienne Welch},
title = {A cost-benefit analysis of Amazon Prime Air},
journal = {UTC Scholar},
year = 2015,
}

@article{AirspaceModelForSafeIntegrationSmallUAS,
author = {Amazon},
title = {Revising the Airspace Model for the Safe Integration of Small Unmanned Aircraft Systems},
journal = {},
year = 2015,
}

@article{DeterminingSafeAccessBestEquippedBestServedModelSmallUAS,
author = {Amazon},
title = {Determining Safe Access with a Best-Equipped, Best-Served Model for Small Unmanned Aircraft Systems},
journal = {},
year = 2015,
}
